@book{stomquist,
  title = {Skrivboken},
  author = {Siv Strömquist},
  year = {2000},
  publisher = {Gleerups},
  address = {Malmö}
}

@online{dataterm-kth,
  author = {Svenska Datatermgruppen},
  title = {Information om datatermer},
  date = {1998-08-20},
  urldate = {2005-04-11},
}

@ARTICLE{eriksson-2001,
  author={Eriksson, M.},
  journal={IEEE Journal on Selected Areas in Communications}, 
  title={Dynamic single frequency networks}, 
  year={2001},
  volume={19},
  number={10},
  pages={1905-1914},
  doi={10.1109/49.957306}}

@article{gpu,
	author = {David Luebke and Greg Humphreys},
	journal = {How Things Work},
	year = {2007},
	pages = {126, 130}
}

@online{opengl,
	author = {The Khronos Group},
	title = {OpenGL Overview},
	url = {https://www.khronos.org/api/opengl},
	urldate = {2022-01-15}
}

@book{glsl,
	author = {John Kessenich and Dave Baldwin and Randi Rost},
	title = {The OpenGL Shading Language, Version 4.60.7},
	year = {2019}
}

@online{cross-howto,
	url = {https://mathworld.wolfram.com/CrossProduct.html},
	urldate = {2022-01-15},
	author = {Wolfram MathWorld},
	title = {Cross Product}
}

@online{edx,
	url = {https://www.edx.org/course/computer-graphics-2},
	urldate = {2022-01-16},
	author = {EDX},
	title = {Computer Graphics Course}
}
